<?xml version="1.0" encoding="UTF-8"?><collection xmlns="http://www.loc.gov/MARC21/slim"><record><leader>00466nam--2200157-i-4500</leader><controlfield tag="001">000025408</controlfield><controlfield tag="002">20161230</controlfield><controlfield tag="005">20161230201035</controlfield><controlfield tag="008">060222s1000------------r-----000-0-eng-d</controlfield><datafield ind1=" " ind2=" " tag="080"><subfield code="a">51:530.1:517.98</subfield></datafield><datafield ind1=" " ind2="1" tag="100"><subfield code="a">Jorgensen, Palle E.T.And Moore, Robert T</subfield></datafield><datafield ind1="1" ind2="0" tag="245"><subfield code="a">Operator commutation relations</subfield></datafield><datafield ind1=" " ind2=" " tag="260"><subfield code="a">Dordrecht, D.Reidel Publ.Co., 1984, Xviii + 493p</subfield></datafield><datafield ind1=" " ind2=" " tag="490"><subfield code="a">Mathematics And Its Applications</subfield></datafield><datafield ind1=" " ind2=" " tag="852"><subfield code="a">73869</subfield><subfield code="c">517.9</subfield></datafield><datafield ind1=" " ind2=" " tag="CAT"><subfield code="a">Sys</subfield><subfield code="c">20090505</subfield><subfield code="h">095226</subfield></datafield></record></collection>